@article{Swordy2001,
        Author = {Swordy, S. P.},
        Journal = {Space Science Reviews},
        Pages = {85--94},
        Title = {The Energy Spectra and Anisotropies of Cosmic Rays},
        Volume = {99},
        Year = {2001},
}

@mastersthesis{Okumura2005,
        Author = {奥村, 曉},
        School = {東京大学大学院理学系研究科物理学専攻},
        Title = {{TeV}-$\gamma$線観測を用いた{Ashra}光電撮像系の開発的研究},
        Year = {2005},
}

@article{PhysRevD.98.030001,
  title = {Review of Particle Physics},
  author = {Tanabashi, M. and Hagiwara, K. and Hikasa, K. and Nakamura, K. and Sumino, Y. and Takahashi, F. and Tanaka, J. and Agashe, K. and Aielli, G. and Amsler, C. and Antonelli, M. and Asner, D. M. and Baer, H. and Banerjee, Sw. and Barnett, R. M. and Basaglia, T. and Bauer, C. W. and Beatty, J. J. and Belousov, V. I. and Beringer, J. and Bethke, S. and Bettini, A. and Bichsel, H. and Biebel, O. and Black, K. M. and Blucher, E. and Buchmuller, O. and Burkert, V. and Bychkov, M. A. and Cahn, R. N. and Carena, M. and Ceccucci, A. and Cerri, A. and Chakraborty, D. and Chen, M.-C. and Chivukula, R. S. and Cowan, G. and Dahl, O. and D'Ambrosio, G. and Damour, T. and de Florian, D. and de Gouv\^ea, A. and DeGrand, T. and de Jong, P. and Dissertori, G. and Dobrescu, B. A. and D'Onofrio, M. and Doser, M. and Drees, M. and Dreiner, H. K. and Dwyer, D. A. and Eerola, P. and Eidelman, S. and Ellis, J. and Erler, J. and Ezhela, V. V. and Fetscher, W. and Fields, B. D. and Firestone, R. and Foster, B. and Freitas, A. and Gallagher, H. and Garren, L. and Gerber, H.-J. and Gerbier, G. and Gershon, T. and Gershtein, Y. and Gherghetta, T. and Godizov, A. A. and Goodman, M. and Grab, C. and Gritsan, A. V. and Grojean, C. and Groom, D. E. and Gr\"unewald, M. and Gurtu, A. and Gutsche, T. and Haber, H. E. and Hanhart, C. and Hashimoto, S. and Hayato, Y. and Hayes, K. G. and Hebecker, A. and Heinemeyer, S. and Heltsley, B. and Hern\'andez-Rey, J. J. and Hisano, J. and H\"ocker, A. and Holder, J. and Holtkamp, A. and Hyodo, T. and Irwin, K. D. and Johnson, K. F. and Kado, M. and Karliner, M. and Katz, U. F. and Klein, S. R. and Klempt, E. and Kowalewski, R. V. and Krauss, F. and Kreps, M. and Krusche, B. and Kuyanov, Yu. V. and Kwon, Y. and Lahav, O. and Laiho, J. and Lesgourgues, J. and Liddle, A. and Ligeti, Z. and Lin, C.-J. and Lippmann, C. and Liss, T. M. and Littenberg, L. and Lugovsky, K. S. and Lugovsky, S. B. and Lusiani, A. and Makida, Y. and Maltoni, F. and Mannel, T. and Manohar, A. V. and Marciano, W. J. and Martin, A. D. and Masoni, A. and Matthews, J. and Mei\ss{}ner, U.-G. and Milstead, D. and Mitchell, R. E. and M\"onig, K. and Molaro, P. and Moortgat, F. and Moskovic, M. and Murayama, H. and Narain, M. and Nason, P. and Navas, S. and Neubert, M. and Nevski, P. and Nir, Y. and Olive, K. A. and Pagan Griso, S. and Parsons, J. and Patrignani, C. and Peacock, J. A. and Pennington, M. and Petcov, S. T. and Petrov, V. A. and Pianori, E. and Piepke, A. and Pomarol, A. and Quadt, A. and Rademacker, J. and Raffelt, G. and Ratcliff, B. N. and Richardson, P. and Ringwald, A. and Roesler, S. and Rolli, S. and Romaniouk, A. and Rosenberg, L. J. and Rosner, J. L. and Rybka, G. and Ryutin, R. A. and Sachrajda, C. T. and Sakai, Y. and Salam, G. P. and Sarkar, S. and Sauli, F. and Schneider, O. and Scholberg, K. and Schwartz, A. J. and Scott, D. and Sharma, V. and Sharpe, S. R. and Shutt, T. and Silari, M. and Sj\"ostrand, T. and Skands, P. and Skwarnicki, T. and Smith, J. G. and Smoot, G. F. and Spanier, S. and Spieler, H. and Spiering, C. and Stahl, A. and Stone, S. L. and Sumiyoshi, T. and Syphers, M. J. and Terashi, K. and Terning, J. and Thoma, U. and Thorne, R. S. and Tiator, L. and Titov, M. and Tkachenko, N. P. and T\"ornqvist, N. A. and Tovey, D. R. and Valencia, G. and Van de Water, R. and Varelas, N. and Venanzoni, G. and Verde, L. and Vincter, M. G. and Vogel, P. and Vogt, A. and Wakely, S. P. and Walkowiak, W. and Walter, C. W. and Wands, D. and Ward, D. R. and Wascko, M. O. and Weiglein, G. and Weinberg, D. H. and Weinberg, E. J. and White, M. and Wiencke, L. R. and Willocq, S. and Wohl, C. G. and Womersley, J. and Woody, C. L. and Workman, R. L. and Yao, W.-M. and Zeller, G. P. and Zenin, O. V. and Zhu, R.-Y. and Zhu, S.-L. and Zimmermann, F. and Zyla, P. A. and Anderson, J. and Fuller, L. and Lugovsky, V. S. and Schaffner, P.},
  collaboration = {Particle Data Group},
  journal = {Phys. Rev. D},
  volume = {98},
  issue = {3},
  pages = {030001},
  numpages = {1898},
  year = {2018},
  month = {Aug},
  publisher = {American Physical Society},
  doi = {10.1103/PhysRevD.98.030001},
  url = {https://link.aps.org/doi/10.1103/PhysRevD.98.030001}
}

@manual{SLPSBInterface,
  author       = {ATLAS TDAQ Phase-Ⅱ Upgrade Project},
  title        = {Interface between EndcapSL and TGC PS}
}

@mastersthesis{mt_atanaka,
  author  = {田中 碧人},
  school  = {東京大学大学院 理学系研究科 物理学専攻},
  title   = {System-on-a-Chip を用いた エレクトロニクス制御回路の開発- 高放射線環境での大規模システムへの応用},
  year    = {2021}
}

@mastersthesis{mt_okazaki,
  author  = {岡崎 健人},
  school  = {東京大学大学院 理学系研究科 物理学専攻},
  title   = {System-on-a-Chip を用いた
組み込みシステム開発基盤の構築と FPGA 間通信の実証— 次世代高エネルギー実験制御系への応用},
  year    = {2022}
}

@mastersthesis{mt_wada,
  author  = {和田 有咲},
  school  = {名古屋大学大学院 理学研究科 物理学専攻},
  title   = {高輝度LHC-ATLAS実験に向けた新型内層TGC検出器実機の性能評価とトリガー回路開発},
  year    = {2024}
}

@mastersthesis{mt_hashimoto,
  author  = {橋本 大輔},
  school  = {名古屋大学大学院 理学研究科 物理学専攻},
  title   = {高輝度LHC-ATLAS実験に向けたTGC検出器前段回路量産機の最終評価と電源供給回路実機の開発},
  year    = {2024}
}

@misc{cern_general_photo,
  author = {{CERN Service graphique}},
  title = {Overall view of the {LHC}},
  month = jun,
  year = {2014},
}

@misc{cern_hllhc_industry,
  author       = {CERN,HL-LHC industry},
  title        = {Project Schedule},
}

@techreport{atlas_phys_pub_hllhc,
  title = {Standard Model Summary Plots February 2022},
  institution = {CERN},
  address = {Geneva},
  year = {2022},
  month = feb,
}

@techreport{tdr_phase2tdaq_2017020,
  author = {{The ATLAS Collaboration}},
  title = {Technical Design Report for the Phase-II Upgrade of the ATLAS TDAQ System},
  institution = {CERN},
  number = {CERN-LHCC-2017-020},
  year = {2018},
  month = jun,
  day = {15},
}

@techreport{tdr_phase2muon_2017017,
      collaboration = "ATLAS",
      title         = "{Technical Design Report for the Phase-II Upgrade of the
                       ATLAS Muon Spectrometer}",
      institution   = "CERN",
      reportNumber  = "CERN-LHCC-2017-017, ATLAS-TDR-026",
      address       = "Geneva",
      year          = "2017",
      url           = "https://cds.cern.ch/record/2285580",
}


@article{JINST:2008,
  author = {{The ATLAS Collaboration} and others},
  journal = {JINST},
  volume = {3},
  pages = {S08003},
  year = {2008}
}

@misc{cern_document_server,
  author = {{CERN Document Server}},
  title = {Installation of the first of the big wheels of the atlas muon spectrometer, a thin gap chamber
(tgc) wheel},
  year = {2006},
  url  = {https://cds.cern.ch/record/986163},
}

@inproceedings{Run3_TDAQ,
author = {Ventura, Andrea},
year = {2022},
month = {11},
pages = {654},
title = {The Muon Trigger of the ATLAS experiment: performance and improvements for Run 3},
doi = {10.22323/1.414.0654}
}

@techreport{Run2_Triggermenu,
  author      = {The ATLAS Collaboration},
  journal    = {ATL-DAQ-PUB-2019-001},
  title       = {Trigger menu in 2018},
  year        = {2019},
  month       = {Oct},
}

@mastersthesis{mt_akatsuka,
  author  = {赤塚 俊一},
  school  = {京都大学大学院 理学系研究科 物理学専攻},
  title   = {LHC-ATLAS実験Run-3に向けたミューオントリガーの改良},
  year    = {2017}
}

@techreport{ASD,
  author      = {The ATLAS Collaboration},
  title       = {Amplifier-Shaper-Discriminator ICs and ASD Boards},
  year        = {1999}
}

@techreport{PPASIC,
  author      = {TGC Electronics Group},
  title       = {TGC Patch-Panel ASIC Design Report for Production Readiness Review},
  year        = {2019}
}

@mastersthesis{mt_takemoto,
  author  = {竹本亨史},
  school  = {東京大学大学院 理学系研究科 物理学専攻},
  title   = {ATLAS実験ミューオントリガーシステム用LSIの開発と統合評価テスト},
  year    = {2004}
}

@mastersthesis{mt_mishima,
  author  = {三島 章煕},
  school  = {東京大学大学院 理学系研究科 物理学専攻},
  title   = {高輝度 LHC-ATLAS 実験に向けた ミューオントリガー論理回路の開発・実装・試験 — 読み出し・制御系の構築とトリガー系の統合},
  year    = {2023}
}

@mastersthesis{mt_aoki,
  author  = {青木匠},
  school  = {東京大学大学院 理学系研究科 物理学専攻},
  title   = {大規模エレクトロニクスシステムにおける次世代型オペレーションモデルの研究-自立型ス テートマシンの導入及び SoC による遠隔型制御の実現-},
  year    = {2022}
}

@mastersthesis{mt_mino,
  author  = {三野 裕哉},
  school  = {京都大学大学院理学研究科 物理学・宇宙物理学専攻 物理学第二分野　高エネルギー物理学研究室},
  title   = {高輝度 LHC ATLAS 実験に向けた初段ミューオントリガーアルゴリズムの開発およびハードウェアへの実装},
  year    = {2020}
}

@mastersthesis{mt_kawamoto,
  author  = {河本 地弘},
  school  = {京都大学大学院理学研究科 物理学・宇宙物理学専攻 物理学第二分野　高エネルギー物理学研究室},
  title   = {高輝度 LHC ATLAS 実験に向けた初段ミューオントリガーアルゴリズムの実装と検出器全体への拡張},
  year    = {2023}
}

@techreport{TGC_fructuation,
  author      = {The ATLAS Collaboration},
  title       = {ATLAS Muon Spectrometer Technical Design Report},
  year        = {1997},
  month       = {July},
  journal     = {LHCC-97-2022}
}

@techreport{PSB_SEU,
  author      = {Yasuyuki Horii, The ATLAS Collaboration},
  title       = {ATLAS-TDR-026},
  year        = {2019},
  month       = {April},
  journal     = {CERN-LHCC-2017-017}
}

@techreport{SL_mezanin,
  author      = {Koeppel, G., Duerner, D., and Ruder, A.},
  title       = {Mercury XU5 PE1 Reference Design},
  year        = {2020}
}

@mastersthesis{mt_kobayashi,
  author  = {小林蓮},
  school  = {京都大学大学院 理学系研究科 物理学専攻},
  title   = {高輝度LHC ATLAS実験に向けた初段ミューオントリガーアルゴリズムの改良とハードウェアへの実装},
  year    = {2021}
}

@techreport{UltraScale_Architecture,
  author      = {XILINX},
  title       = {UltraScale Architecture Configurable Logic Block},
  journal     = {UG574 (v1.5) February 28, 2017},
  year        = {2017}
}

@techreport{SLPDR,
  author      = {ATLAS TDAQ Phase\two Upgrade Project},
  title       = {Endcap Sector Logic},
  journal     = {PBS/WBS 1.1.5.1},
  year        = {2021}
}

@mastersthesis{mt_nabeyama,
  author  = {鍋山 友希},
  school  = {名古屋大学大学院理学研究科 素粒子宇宙物理学専攻 高エネルギー素粒子物理学研究室},
  title   = {HL-LHC ATLAS 実験に向けたミューオン飛跡検出・選別回路の開発と パイルアップ耐性評価},
  year    = {2023}
}

@mastersthesis{mt_kawaguchi,
  author  = {川口 智美},
  school  = {名古屋大学大学院理学研究科 素粒子宇宙物理学専攻 高エネルギー素粒子物理学研究室},
  title   = {高輝度LHC-ATLAS実験に向けたパターンマッチングを用いたTGC飛跡トリガーの開発},
  year    = {2018}
}

@article{Batcher,
  author = {Batcher, K. E.},
  title = {Sorting networks and their application},
  journal = {Proc. AFIPS Spring Joint Computer Conference},
  volume = {32},
  pages = {307--314},
  year = {1968},
}

@article{PDG2020,
  title = {The Review of Particle Physics},
  author = {Zyla, P. A. and others},
  collaboration = {Particle Data Group},
  journal = {Prog. Theor. Exp. Phys.},
  year = {2020},
  volume = {2020},
  pages = {083C01}
}
